@misc{amet2025misc,
  author    = {Matthieu Amet},
  title     = {Miscellaneous writings},
  year      = {2025},
  note      = {Unpublished manuscript},
}

@inproceedings{docquierDeterminingTightWorstcase2020,
   title = {Determining a Tight Worst-Case Delay of Switched
{{Ethernet}} Network in {{IEC}} 61850 Architectures},
   booktitle = {45th {{IEEE Conference}} on {{Local Computer Networks}}
({{LCN}})},
   author = {Docquier, Th{\'e}o and Song, Ye-Qiong and Chevrier, Vincent
and Pontnau, Ludovic and {Ahmed-Nacer}, Abdelaziz},
   year = {2020},
   month = nov,
   address = {Sydney, Australia},
   urldate = {2022-11-30},
   keywords = {IEC 61850,Index Terms-switched Ethernet,real-time,smart
grid,Strict-Priority,worst-case delay analy- sis},
   note = {\url{https://hal.archives-ouvertes.fr/hal-02971311}},
}

@phdthesis{docquierMethodologiesPourLevaluation2021,
   type = {Theses},
   title = {M{\'e}thodologies Pour l'{\'e}valuation de Performances
d'architectures R{\'e}seaux Smart Grids},
   author = {Docquier, Th{\'e}o},
   year = {2021},
   month = nov,
   number = {2021LORR0360},
   urldate = {2022-11-30},
   school = {Universit{\'e} de Lorraine},
   keywords = {Analytic modeling,Co-simulation,Cosimulation,Evaluation
de performances,IEC 61850,Methodes
analytiques,Modeling,Modelisation,Networks,Performance evaluation,Real
TIme,Real Time network,Reseaux,Reseaux electriques intelligents,Reseaux
Temps Reel,Simulation,Smart grids,Temps Reel,TSN},
   note = {\url{https://hal.archives-ouvertes.fr/tel-03572299}}
}

@book{leboudec2001network,
  author    = {Jean-Yves Le Boudec and Patrick Thiran},
  title     = {Network Calculus: A Theory of Deterministic Queuing Systems for the Internet},
  year      = {2001},
  publisher = {Springer},
  note      = {\url{https://leboudec.github.io/netcal/latex/netCalBook.pdf}},
}

@techreport{thomas2025rtfa,
  author      = {Ludovic Thomas},
  title       = {{rTFA -- Routing with TFA}},
  institution = {Inria},
  type        = {Technical Report},
  version     = {Version: 2025-03-25},
  year        = {2025},
  note        = {Draft report},
}